<?xml version="1.0" encoding="UTF-8"?><collection xmlns="http://www.loc.gov/MARC21/slim"><record><leader>00406nam--2200133-i-4500</leader><controlfield tag="001">000003314</controlfield><controlfield tag="002">20161230</controlfield><controlfield tag="005">20161230201025</controlfield><controlfield tag="008">060222s1000------------r-----000-0-eng-d</controlfield><datafield ind1=" " ind2=" " tag="100"><subfield code="a">Berg, Ernst Julius</subfield></datafield><datafield ind1=" " ind2=" " tag="245"><subfield code="a">Heavside s operational calculus. as applied to engineering and physics. 2-nd edition</subfield></datafield><datafield ind1=" " ind2=" " tag="260"><subfield code="a">New York, Mcgraw-hill, 1936 Xv + 258 P</subfield></datafield><datafield ind1=" " ind2=" " tag="490"><subfield code="a">Electrical Engineering Texts</subfield></datafield><datafield ind1=" " ind2=" " tag="852"><subfield code="a">2868</subfield></datafield></record></collection>